@book{maclagan2015introduction,
  title={Introduction to Tropical Geometry},
  author={Maclagan, D. and Sturmfels, B.},
  isbn={9780821851982},
  lccn={2014036141},
  series={Graduate Studies in Mathematics},
  url={https://books.google.co.in/books?id=zFsoCAAAQBAJ},
  year={2015},
  publisher={American Mathematical Society}
}

@misc{1108.6126,
Author = {Walter Gubler},
Title = {A guide to tropicalizations},
url = {https://arxiv.org/abs/1108.6126},
Year = {2011},
Eprint = {arXiv:1108.6126},
}

@book{berkovich2012spectral,
  title={Spectral Theory and Analytic Geometry over Non-Archimedean Fields},
  author={Berkovich, V.G.},
  isbn={9780821890202},
  lccn={90000830},
  series={Mathematical Surveys and Monographs},
  url={https://books.google.co.in/books?id=EmmVo7_mCqAC},
  year={2012},
  publisher={American Mathematical Society}
}

@book{KockQcohom,
    title = {An Invitation to Quantum Cohomology, Kontsevich's Formula for Rational Plane Curves},
    author = {Joachim Kock , Israel Vainsencher},
    isbn={978-0-8176-4456-7},
    series={Progress in Mathematics},
    volume={249},
    doi = {https://doi.org/10.1007/978-0-8176-4495-6},
    year={2006},
    publisher = {Birkhäuser Boston, MA}
}

@article{GathmannMarkwig,
url = {https://doi.org/10.1515/CRELLE.2007.006},
title = {The numbers of tropical plane curves through points in general position},
title = {},
author = {Andreas Gathmann and Hannah Markwig},
pages = {155--177},
volume = {2007},
number = {602},
journal = {Journal für die reine und angewandte Mathematik},
doi = {doi:10.1515/CRELLE.2007.006},
year = {2007},
lastchecked = {2024-10-17}
}

@misc{FPnotes,
      title={Notes on stable maps and quantum cohomology}, 
      author={W. Fulton and R. Pandharipande},
      year={1997},
      eprint={alg-geom/9608011},
      archivePrefix={arXiv},
      primaryClass={alg-geom},
      url={https://arxiv.org/abs/alg-geom/9608011}, 
}

@book{Eisenbud_Harris_2016, place={Cambridge}, title={3264 and All That: A Second Course in Algebraic Geometry}, publisher={Cambridge University Press}, author={Eisenbud, David and Harris, Joe}, year={2016}}

@book{Harris,
title = {Algebraic Geometry - A first Course},
author = {Joe Harris},
year = {1992},
doi  = {https://doi.org/10.1007/978-1-4757-2189-8},
isbn = {978-0-387-97716-4},
series = {Graduate Texts in Mathematics},
Publisher = {Springer New York, NY}
}

@article{GATHMANNwdvv,
title = {Kontsevich's formula and the WDVV equations in tropical geometry},
journal = {Advances in Mathematics},
volume = {217},
number = {2},
pages = {537-560},
year = {2008},
issn = {0001-8708},
doi = {https://doi.org/10.1016/j.aim.2007.08.004},
url = {https://www.sciencedirect.com/science/article/pii/S0001870807002381},
author = {Andreas Gathmann and Hannah Markwig},
keywords = {Tropical geometry, Enumerative geometry, Gromov–Witten theory},
abstract = {Using Gromov–Witten theory the numbers of complex plane rational curves of degree d through 3d−1 general given points can be computed recursively with Kontsevich's formula that follows from the so-called WDVV equations. In this paper we establish the same results entirely in the language of tropical geometry. In particular this shows how the concepts of moduli spaces of stable curves and maps, (evaluation and forgetful) morphisms, intersection multiplicities and their invariance under deformations can be carried over to the tropical world.}
}

@misc{mikhalkin2004enumerativetropicalalgebraicgeometry,
      title={Enumerative tropical algebraic geometry in R2}, 
      author={Grigory Mikhalkin},
      year={2004},
      eprint={math/0312530},
      archivePrefix={arXiv},
      primaryClass={math.AG},
      url={https://arxiv.org/abs/math/0312530}, 
}


